@techreport{duarte:2014,
   Date-Added = {2014-04-11 11:23:00 +0700},
   Date-Modified = {2014-04-11 11:23:00 +0700},
   Author = {Duarte, T. and Sarmento, A. JNA. and Jonkman, J.},
   Title = {Effects of Second-Order Hydrodynamic Forces on Floating Offshore Wind Turbines},
   Institution={{NREL}},
   Address={Golden, Colorado},
   Year={Apr. 2014},
   Number={CP-5000-60966},
}

@manual{WAMIT,
   Date-Added = {2014-04-11 11:23:00 +0700},
   Date-Modified = {2014-04-11 11:23:00 +0700},
   Author={},
   Title={{WAMIT} User Manual},
   Institution={{WAMIT} Inc.},
   Address={Chestnut Hill, MA},
}

@inbook{chicago,
	Date-Added = {2013-03-29 20:33:11 +0000},
	Date-Modified = {2013-03-29 20:33:11 +0000},
	Edition = {Thirteenth},
	Key = {Chicago},
	Pages = {400--401},
	Publisher = {University of Chicago Press},
	Title = {The Chicago Manual of Style},
	Year = 1982}

@book{Knuth_1984_a,
	Author = {Donald E. Knuth},
	Date-Added = {2013-03-29 20:33:11 +0000},
	Date-Modified = {2013-03-29 20:36:20 +0000},
	Publisher = {Addison-Wesley},
	Title = {The {{\TeX}book}},
	Year = 1984}

@book{Lamport_1986_a,
	Author = {Leslie Lamport},
	Date-Added = {2013-03-29 20:33:11 +0000},
	Date-Modified = {2013-03-29 20:33:57 +0000},
	Publisher = {Addison-Wesley},
	Title = {{\LaTeX \rm:} {A} Document Preparation System},
	Year = 1986}
